<record><leader>00000cas a22000007a 4500</leader><controlfield tag="001">15923694</controlfield><controlfield tag="008">870612d18831923iauwr ne      0    0eng d</controlfield><datafield ind1=" " ind2=" " tag="010"><subfield code="a">sn 87058334 </subfield></datafield><datafield ind1=" " ind2=" " tag="040"><subfield code="a">INP</subfield><subfield code="b">eng</subfield><subfield code="c">INP</subfield><subfield code="d">OCLCQ</subfield></datafield><datafield ind1=" " ind2=" " tag="042"><subfield code="a">msc</subfield></datafield><datafield ind1="0" ind2=" " tag="130"><subfield code="a">Tama County Democrat (Toledo, Iowa : 1883)</subfield></datafield><datafield ind1="1" ind2="4" tag="245"><subfield code="a">The Tama County Democrat.</subfield></datafield><datafield ind1=" " ind2=" " tag="260"><subfield code="a">Toledo, Iowa :</subfield><subfield code="b">M.E. Mann,</subfield><subfield code="c">-1923.</subfield></datafield><datafield ind1=" " ind2=" " tag="300"><subfield code="a">v.</subfield></datafield><datafield ind1=" " ind2=" " tag="310"><subfield code="a">Weekly,</subfield><subfield code="b">Oct. 11, 1923</subfield></datafield><datafield ind1=" " ind2=" " tag="321"><subfield code="a">Weekly,</subfield><subfield code="b">&lt;July 1, 1893&gt;</subfield></datafield><datafield ind1=" " ind2=" " tag="321"><subfield code="a">Semiweekly,</subfield><subfield code="b">&lt;June 16-Dec. 29, 1921&gt;</subfield></datafield><datafield ind1="1" ind2=" " tag="362"><subfield code="a">Began in 1883.</subfield></datafield><datafield ind1="0" ind2=" " tag="362"><subfield code="a">-v. 48, no. 39 (Oct. 11, 1923).</subfield></datafield><datafield ind1=" " ind2=" " tag="500"><subfield code="a">Publisher varies.</subfield></datafield><datafield ind1=" " ind2=" " tag="588"><subfield code="a">Description based on: Vol. 19, no. 26 (July 1, 1893).</subfield></datafield><datafield ind1=" " ind2=" " tag="752"><subfield code="a">United States</subfield><subfield code="b">Iowa</subfield><subfield code="c">Tama</subfield><subfield code="d">Toledo.</subfield></datafield><datafield ind1="0" ind2="0" tag="780"><subfield code="t">Toledo times (Toledo, Iowa)</subfield><subfield code="w">(DLC)sn 88059699</subfield></datafield><datafield ind1="0" ind2="0" tag="785"><subfield code="t">Tama County journal</subfield><subfield code="w">(DLC)sn 87058335</subfield></datafield></record>